@article{Chan2009,
    author   = "Joshua Chan and Ivan Jeliazkov",
    title    = "Efficient Simulation and Integrated Likelihood Estimation in State Space Models",
    journal  = "International Journal of Mathematical Modelling and Numerical Optimisation",
    volume   = "1",
    number   = "1-2",
    pages    = "101-120",
    year     = "2009",
}

@article{Giannone2004,
	author   = "Domenico Giannone and Lucrezia Reichlin and Luca Sala",
	title    = "Monetary policy in real time",
	journal  = "NBER Macroeconomics Annual",
	volume   = "19",
	pages    = "161-200",
	year     = "2004",
}

@article{Giannone2008,
	author   = "Domenico Giannone and Lucrezia Reichlin and David Small",
	title    = "Nowcasting: The real-time informational content of macroeconomic data",
	journal  = "Journal of Monetary Economics",
    number   = "55",
	pages    = "665-676",
	year     = "2008",
}

@article{Doz2011,
	author   = "Catherine Doz and Domenico Giannone and Lucrezia Reichlin",
	title    = "A two-step estimator for large approximate dynamic factor models based on Kalman filtering",
	journal  = "Journal of Econometrics",
	volume   = "164",
	number   = "1",
	pages    = "188-205",
	year     = "2011",
}

@article{Litterman1986,
	author   = "Robert Litterman",
	title    = "Forecasting with Bayesian Vector Autoregressions: Five Years of Experience",
	journal  = " Journal of Business And Economic Statistics",
	volume   = "4",
	number   = "1",
	pages    = "25-38",
	year     = "1986",
}

@TechReport{Karlsson2012,
	author      = "Sune Karlsson",
	title       = "Forecasting with Bayesian Vector Autoregressions",
	type        = "Working Papers",
	institution = "Oerebro University, School of Business",
	number      = "2012:12",
	year        = "2012",
}

@article{Giannone2015,
	author   = "Giannone, Domenico and Lenza, Michele and Primiceri, Giorgio",
	title    = "Prior Selection for Vector Autoregressions",
	journal  = "Review of Economics and Statistics",
	volume   = "97",
	number   = "2",
	pages    = "436-451",
	year     = "2015",
}

@article{Schorfheide2015,
	author   = "Frank Schorfheide and Dongho Song",
	title    = "Real-Time Forecasting With a Mixed-Frequency VAR",
	journal  = "Journal of Business and Economic Statistics",
	volume   = "33",
	number   = "3",
	pages    = "366-380",
	year     = "2015",
}

@article{Giannone2005,
	author     = "Domenico Giannone and Lucrezia Reichlin and Luca Sala",
	title      = "Monetary Policy in Real Time",
	booktitle  = "NBER Macroeconomics Annual 2004, Volume 19",
	publisher  = "National Bureau of Economic Research, Inc",
	pages      = "161-224",
	year       = "2005",
}

@TechReport{Banbura2010,
	author      = "Marta Banbura and Domenico Giannone and Lucrezia Reichlin",
	title       = "Nowcasting",
	type        = "Working Papers",
	institution = "European Central Bank",
	number      = "1275",
	year        = "2010",
}

@TechReport{Dieppe2016,
	author      = "Dieppe, Alistair and Legrand, Romain and van Roye, Bj√∂rn ",
	title       = "The BEAR toolbox",
	type        = "Working Papers",
	institution = "European Central Bank",
	number      = "1934",
	year        = "2016",
}

@article{Doan1984,
	author     = "Doan, Thomas and Litterman, Robert and  Sims, Christopher",
	title      = "Forecasting and Conditional Projection Using Realistic Prior Distributions",
	journal    = "Econometric Reviews",
	volume     = "3",
	number     = "1",
	pages      = "1-100",
	year       = "1984",
}

@book{Koop2003,
	author     = "Gary Koop",
	title      = "Bayesian econometrics",
	year       = "2003",
	publisher  = "John Wiley and Sons Inc.",
}

@book{Greenberg2012,
	author     = "Edward Greenberg",
	title      = "Introduction to Bayesian Econometrics",
	year       = "2012",
	publisher  = "Cambridge University Press",
}

@TechReport{Ghysels2004,
	author      = "Eric Ghysels and Pedro Santa-Clara and Rossen Valkanov",
	title       = "The MIDAS Touch: Mixed Data Sampling Regression Models",
	type        = "CIRANO Working Papers",
	number      = "2004s-20",
	year        = "2004",
}



