@article{Chan2009,
    author   = "Joshua Chan and Ivan Jeliazkov",
    title    = "Efficient Simulation and Integrated Likelihood Estimation in State Space Models",
    journal  = "International Journal of Mathematical Modelling and Numerical Optimisation",
    volume   = "1",
    number   = "1-2",
    pages    = "101-120",
    year     = "2009",
}

@article{Giannone2004,
	author   = "Domenico Giannone and Lucrezia Reichlin and Luca Sala",
	title    = "Monetary policy in real time",
	journal  = "NBER Macroeconomics Annual",
	volume   = "19",
	pages    = "161-200",
	year     = "2004",
}

@article{Giannone2008,
	author   = "Domenico Giannone and Lucrezia Reichlin and David Small",
	title    = "Nowcasting: The real-time informational content of macroeconomic data",
	journal  = "Journal of Monetary Economics",
    number   = "55",
	pages    = "665-676",
	year     = "2008",
}

@article{Doz2011,
	author   = "Catherine Doz and Domenico Giannone and Lucrezia Reichlin",
	title    = "A two-step estimator for large approximate dynamic factor models based on Kalman filtering",
	journal  = "Journal of Econometrics",
	volume   = "164",
	number   = "1",
	pages    = "188-205",
	year     = "2011",
}

@article{Litterman1986,
	author   = "Robert Litterman",
	title    = "Forecasting with Bayesian Vector Autoregressions: Five Years of Experience",
	journal  = " Journal of Business And Economic Statistics",
	volume   = "4",
	number   = "1",
	pages    = "25-38",
	year     = "1986",
}

@TechReport{Karlsson2012,
	author      = "Sune Karlsson",
	title       = "Forecasting with Bayesian Vector Autoregressions",
	type        = "Working Papers",
	institution = "Oerebro University, School of Business",
	number      = "2012:12",
	year        = "2012",
}

@article{Giannone2015,
	author   = "Giannone, Domenico and Lenza, Michele and Primiceri, Giorgio",
	title    = "Prior Selection for Vector Autoregressions",
	journal  = "Review of Economics and Statistics",
	volume   = "97",
	number   = "2",
	pages    = "436-451",
	year     = "2015",
}

@article{Schorfheide2015,
	author   = "Frank Schorfheide and Dongho Song",
	title    = "Real-Time Forecasting With a Mixed-Frequency VAR",
	journal  = "Journal of Business and Economic Statistics",
	volume   = "33",
	number   = "3",
	pages    = "366-380",
	year     = "2015",
}

@article{Giannone2005,
	author     = "Domenico Giannone and Lucrezia Reichlin and Luca Sala",
	title      = "Monetary Policy in Real Time",
	booktitle  = "NBER Macroeconomics Annual 2004, Volume 19",
	publisher  = "National Bureau of Economic Research, Inc",
	pages      = "161-224",
	year       = "2005",
}

@TechReport{Banbura2010,
	author      = "Marta Banbura and Domenico Giannone and Lucrezia Reichlin",
	title       = "Nowcasting",
	type        = "Working Papers",
	institution = "European Central Bank",
	number      = "1275",
	year        = "2010",
}

@TechReport{Dieppe2016,
	author      = "Dieppe, Alistair and Legrand, Romain and van Roye, Björn ",
	title       = "The BEAR toolbox",
	type        = "Working Papers",
	institution = "European Central Bank",
	number      = "1934",
	year        = "2016",
}

@article{Doan1984,
	author     = "Doan, Thomas and Litterman, Robert and  Sims, Christopher",
	title      = "Forecasting and Conditional Projection Using Realistic Prior Distributions",
	journal    = "Econometric Reviews",
	volume     = "3",
	number     = "1",
	pages      = "1-100",
	year       = "1984",
}

@book{Koop2003,
	author     = "Gary Koop",
	title      = "Bayesian econometrics",
	year       = "2003",
	publisher  = "John Wiley and Sons Inc.",
}

@book{Greenberg2012,
	author     = "Edward Greenberg",
	title      = "Introduction to Bayesian Econometrics",
	year       = "2012",
	publisher  = "Cambridge University Press",
}

@article{Carter1994,
	author   = "C. Carter and R. Kohn",
	title    = "On Gibbs sampling for state space models",
	journal  = "Biometrika",
	volume   = "81",
	number   = "3",
	year     = "1994",
}

@TechReport{Ghysels2004,
	author      = "Eric Ghysels and Pedro Santa-Clara and Rossen Valkanov",
	title       = "The {MIDAS} Touch: Mixed Data Sampling Regression Models",
	type        = "CIRANO Working Papers",
	institution = "CIRANO",
	number      = "2004s-20",
	year        = "2004",
}

@article{Ghysels2007,
	author   = "Ghysels, Eric and Sinko, Arthur and Valkanov, Rossen",
	title    = "{MIDAS} Regressions: Further Results and New Directions",
	journal  = "Econometric Reviews",
	volume   = "26",
	number   = "1",
	pages    = "53-90",
	year     = "2007",
}

@article{Ghysels2009,
	author   = "Eric Ghysels and Jonathan H. Wright",
	title    = "Forecasting Professional Forecasters",
	journal  = "Journal of Business \& Economic Statistics",
	volume   = "27",
	number   = "4",
	year     = "2009",
}

@article{Ghysels2016,
	author   = "Eric Ghysels and Virmantas Kvedaras and Vaidotas Zemlys",
	title    = "Mixed Frequency Data Sampling Regression Models: The {R} Package midasr",
	journal  = "Journal of Statistical Software, Articles",
	volume   = "72",
	number   = "4",
	year     = "2016",
}

@article{Ghysels2016b,
	author   = "Eric Ghysels and Hang Qian",
	title    = "Estimating {MIDAS} regressions via {OLS} with polynomial parameter profiling",
	journal  = "Econometrics and Statistics",
	volume   = "9",
	pages    = "1-16",
	year     = "2016",
}

@article{Sims1980,
	author   = "Christopher Sims",
	title    = "Macroeconomics and reality",
	journal  = "Econometrica",
	volume   = "48",
	number   = "1",	
	pages    = "1-48",
	year     = "1980",
}

@article{Primiceri2005,
	author   = "Primiceri, Giorgio",
	title    = "Time-varying structural vector autoregressions and monetary policy",
	journal  = "Review of Economic Studies",
	volume   = "72",
	pages    = "821-852",
	year     = "2005",
}

@article{Hochreiter1997,
	author   = "S. Hochreiter and J. Schmidhuber",
	title    = "Long short-term memory",
	journal  = "Neural Computation",
	volume   = "9",
	number   = "8",	
	pages    = "1735–1780",
	year     = "1997",
}

@article{Friedman2001,
	author   = "Friedman, Jerome H.",
	title    = "Greedy function approximation: A gradient boosting machine.",
	journal  = "Annals of Statistics",
	volume   = "29",
	number   = "5",	
	pages    = "1189-1232",
	year     = "2001",
}

@article{Breiman2001,
	author   = "Leo Breiman",
	title    = "Random Forests",
	journal  = "Machine Learning",
	number   = "45",	
	pages    = "5-32",
	year     = "2001",
}

@article{Giannone2015,
	author   = "Giannone, Domenico and Lenza, Michele and Primiceri, Giorgio",
	title    = "Prior Selection for Vector Autoregressions",
	journal  = "Review of Economics and Statistics",
	volume   = "97",
	number   = "2",
	pages    = "436-451",
	year     = "2015",
}

@article{DelNegro2015,
	author   = "Del Negro, Marco and Primiceri, Giorgio E.",
	title    = "Time-varying structural vector autoregressions and monetary policy: a corrigendum",
	journal  = "Review of Economic Studies",
	volume   = "82",
	number   = "4",
	pages    = "1342-1345",
	year     = "2015",
}

@TechReport{Legrand2019,
	author      = "Romain Legrand",
	title       = "Time-Varying Vector Autoregressions: Efficient Estimation, Random Inertia and Random Mean",
	type        = "Working Papers",
	institution = "MPRA",
	number      = "95707",
	year        = "2019",
}

@article{Kim1998,
	author   = "S. Kim and N. Shephard and S. Chib",
	title    = "Stochastic volatility: likelihood inference and comparison with ARCH models",
	journal  = "Review of Economic Studies",
	volume   = "65",
	pages    = "361-393",
	year     = "1998",
}

@article{Rosenblatt1958,
	author   = "F. Rosenblatt",
	title    = "The perceptron: A probabilistic model for information storage and organization in the brain",
	journal  = "Psychological Review",
	volume   = "65",
	pages    = "386-408",
	year     = "1958",
}

@article{Rumelhart1986,
	author   = "D.E. Rumelhart and G.E. Hinton and R.J. Williams ",
	title    = "Learning representations by back-propagating errors",
	journal  = "Nature",
	volume   = "323",
	pages    = "533–536",
	year     = "1986",
}

@article{Hopfield1982,
	author   = "John Hopfield",
	title    = "Neural Networks and Physical Systems with Emergent Collective Computational Abilities",
	journal  = "Proceedings of the National Academy of Sciences of the United States of America",
	volume   = "79",
	pages    = "2554-2558",
	year     = "1982",
}

@article{Geurts2006,
	author   = "Geurts, Pierre and Ernst, Damien and Wehenkel, Louis",
	title    = "Extremely Randomized Trees",
	journal  = "Machine Learning",
	volume   = "63",
	pages    = "3-42",
	year     = "2006",
}

@book{Gareth2013,
	author     = "James, Gareth and Witten, Daniela and Hastie, Trevor and Tibshirani, Robert",
	title      = "An Introduction to Statistical Learning: with Applications in {R}",
	year       = "2013",
	publisher  = "Springer",
}

@book{Hastie2009,
	author     = "Hastie, Trevor and Tibshirani, Robert and Friedman, Jerome",
	title      = "The Elements of Statistical Learning",
	edition    = "2"
	year       = "2009",
	series     = "Springer Series in Statistics",
	publisher  = "Springer New York Inc.",
}

@book{Breiman1984,
	author     = "Breiman, Leo and Friedman, Jerome H and Olshen, Richard A and Stone, Charles J",
	title      = "Classification and regression trees",
	year       = "1984",
	series     = "The Wadsworth statistics/probability series",
	publisher  = "Wadsworth \& Brooks/Cole Advanced Books \& Software",
}

@article{Freund1997,
	author   = "Yoav Freund and Robert E. Schapire",
	title    = "A Decision-Theoretic Generalization of on-Line Learning and an Application to Boosting",
	journal  = "journal of computer and system sciences",
	volume   = "55",
	pages    = "119-139",
	year     = "1997",
}

@article{Friedman2001,
	author   = "Jerome H. Friedman",
	title    = "Greedy Function Approximation: A Gradient Boosting Machine",
	journal  = "The Annals of Statistics",
	volume   = "29",
	pages    = "1189-1232",
	year     = "2001",
}

@TechReport{Warne2015,
	author      = "Warne, Anders and Droumaguet, Matthieu and Woźniak, Tomasz",
	title       = "Granger causality and regime inference in Bayesian Markov-Switching {VAR}s",
	type        = "Working Papers",
	institution = "European Central Bank",
	number      = "1794",
	year        = "2015",
}



